@inproceedings{lowe,
  title={Object recognition from local scale-invariant features},
  author={Lowe, D.G.},
  booktitle={Computer Vision, 1999. The Proceedings of the Seventh IEEE International Conference on},
  volume={2},
  pages={1150--1157},
  year={1999},
  organization={Ieee}
}

@article{ssim,
  title={Image quality assessment: From error visibility to structural similarity},
  author={Wang, Z. and Bovik, A.C. and Sheikh, H.R. and Simoncelli, E.P.},
  journal={Image Processing, IEEE Transactions on},
  volume={13},
  number={4},
  pages={600--612},
  year={2004},
  publisher={Ieee}
}

@inproceedings{ait1,
  title={Duplicate Detection for Quality Assurance of Document Image Collections},
  author={Reinhold Huber-M\"ork and Alexander Schindler and Sven Schlarb},
  year={2012}
}

@article{opencv_library,
    author = {Bradski, G.},
    citeulike-article-id = {2236121},
    journal = {Dr. Dobb's Journal of Software Tools},
    keywords = {bibtex-import},
    posted-at = {2008-01-15 19:21:54},
    priority = {4},
    title = {{The OpenCV Library}},
    year = {2000}
}